<record><leader>00000cas a22000007a 4500</leader><controlfield tag="001">11279624</controlfield><controlfield tag="008">841018d18uu18uuohuir ne      0    0eng d</controlfield><datafield ind1=" " ind2=" " tag="010"><subfield code="a">sn 84028633 </subfield></datafield><datafield ind1=" " ind2=" " tag="040"><subfield code="a">NPY</subfield><subfield code="b">eng</subfield><subfield code="c">NPY</subfield><subfield code="d">NPX</subfield><subfield code="d">ONP</subfield><subfield code="d">OCLCQ</subfield></datafield><datafield ind1=" " ind2=" " tag="042"><subfield code="a">msc</subfield></datafield><datafield ind1="0" ind2=" " tag="130"><subfield code="a">Tri-weekly journal (Columbus, Ohio)</subfield></datafield><datafield ind1="1" ind2="4" tag="245"><subfield code="a">The tri-weekly journal.</subfield></datafield><datafield ind1="1" ind2="3" tag="246"><subfield code="a">Morning journal</subfield></datafield><datafield ind1="1" ind2="3" tag="246"><subfield code="a">Ohio State journal</subfield></datafield><datafield ind1=" " ind2=" " tag="260"><subfield code="a">Columbus, Ohio :</subfield><subfield code="b">Comly &amp; Smith</subfield></datafield><datafield ind1=" " ind2=" " tag="300"><subfield code="a">v. ;</subfield><subfield code="c">52-66 cm.</subfield></datafield><datafield ind1=" " ind2=" " tag="310"><subfield code="a">Triweekly</subfield></datafield><datafield ind1=" " ind2=" " tag="580"><subfield code="a">Daily eds.: Columbus morning journal, 1865-1866; and: Morning journal (Columbus, Ohio), 1866-1869; and: Ohio State journal (Columbus, Ohio : 1869), 1869-1870.</subfield></datafield><datafield ind1=" " ind2=" " tag="588"><subfield code="a">Description based on: Vol. 11, no. 216 (Oct. 8, 1867).</subfield></datafield><datafield ind1=" " ind2=" " tag="752"><subfield code="a">United States</subfield><subfield code="b">Ohio</subfield><subfield code="c">Franklin</subfield><subfield code="d">Columbus.</subfield></datafield><datafield ind1="1" ind2=" " tag="775"><subfield code="t">Columbus morning journal</subfield><subfield code="w">(DLC)sn 84028628</subfield></datafield><datafield ind1="1" ind2=" " tag="775"><subfield code="t">Morning journal (Columbus, Ohio)</subfield><subfield code="w">(DLC)sn 84028629</subfield></datafield><datafield ind1="1" ind2=" " tag="775"><subfield code="t">Ohio State journal (Columbus, Ohio : 1869)</subfield><subfield code="w">(DLC)sn 84028630</subfield></datafield><datafield ind1="0" ind2=" " tag="775"><subfield code="t">Weekly Ohio State journal (Columbus, Ohio : 1858)</subfield><subfield code="w">(DLC)sn 85025899</subfield></datafield></record>